@misc{DENATRANfrotaabr2018,
author={DENATRAN},
title={01 - Frota por UF e Tipo de Ve√≠culo},
month={Abril},
year={2018},                 
}

@ARTICLE{Fuller2005461,
author={Fuller, R.},
title={Towards a general theory of driver behaviour},
journal={Accident Analysis and Prevention},
year=2005,
volume=37,
number=3,
pages={461-472},
doi={10.1016/j.aap.2004.11.003},
document_type={Article},
}